%% This BibTeX bibliography file was created using BibDesk.
%% http://bibdesk.sourceforge.net/


%% Created for Emilio Frazzoli at 2007-03-10 23:35:50 -0500 


%% Saved with string encoding Western (ASCII) 


@preamble{"\newcommand{\noopsort}[1]{} " #
   "\newcommand{\printfirst}[2]{#1} " #
   "\newcommand{\singleletter}[1]{#1} " #
   "\newcommand{\switchargs}[2]{#2#1} "}

@string{rss = "Robotics: Science and Systems"}

@STRING{jgcd = "{AIAA} Journal of Guidance, Control, and Dynamics"}

@STRING{scl = "Systems \& Control Letters"}

@string{acc = {Proc.\ American Control Conf.}}

@string{aiaa = {{AIAA} J.\ on Guidance, Control, and Dynamics}}

@string{cdc = {Proc.\ IEEE Conf.\ on Decision and Control}}

@string{ac = {Proc.\ IEEE  Aerospace Conference}}

@string{icra = {Proc.\ IEEE Conf.\ on Robotics and Automation}}

@string{rob = {Proc.\ Robocomm Conf.}}

@string{gnc = {Proc.\ AIAA Conf.\ on Guidance, Navigation, and Control}}

@string{tac = {IEEE Trans. on \ Automatic\ Control}}

@string{tra = {IEEE Trans.\ Robotics and Automation}}

@string{tsmc = {IEEE Trans.\ Systems, Man and Cybernetics}}

@string{spie = {SPIE Conference Series}}

@string{ijrnc = {International Journal of Robust and Nonlinear Control}}

@STRING{sv = "Springer"}

@article{Garcia.ea:Auto89,
title = "Model predictive control: Theory and practice -- A survey",
journal = "Automatica",
volume = "25",
number = "3",
pages = "335 - 348",
year = "1989",
note = "",
issn = "0005-1098",
doi = "10.1016/0005-1098(89)90002-2",
url = "http://www.sciencedirect.com/science/article/pii/0005109889900022",
author = "C. E. Garcï¿½a and D. M. Prett and M. Morari",
keywords = "Computer control",
keywords = "predictive control",
keywords = "process control",
keywords = "quadratic programming",
keywords = "(constrained control)"
}

@inproceedings{Iglesias.ea:MPC,
  author = {Iglesias, R. and Rossi, F. and Wang, K. and Hallac, D. and Leskovec, J. and Pavone, M.},
  title = {Data-Driven Model Predictive Control of Autonomous Mobility-on-Demand Systems},
  booktitle = {{Proc. IEEE Conf. on Robotics and Automation}},
  year = {2018},
  address = {Brisbane, Australia},
  month = may,
  url = {../wp-content/papercite-data/pdf/Iglesias.Rossi.Wang.ea.ICRA18.pdf},
  owner = {frossi2},
  timestamp = {2018-01-14}
}

@inproceedings{Tsao.ea:Stochastic,
  author = {Tsao, M. and Iglesias, R. and Pavone, M.},
  title = {Stochastic Model Predictive Control for Autonomous Mobility on Demand},
  booktitle = {{Proc. IEEE Int. Conf. on Intelligent Transportation Systems}},
  year = {2018},
  note = {In Press. {Extended Version, Available} at \url{https://arxiv.org/pdf/1804.11074}},
  address = {Maui, Hawaii},
  month = nov,
  url = {https://arxiv.org/pdf/1804.11074.pdf},
  keywords = {press},
  owner = {rdit},
  timestamp = {2018-07-12}
}

@article{Lin.ea:DidiFleetManagement, 
title="Efficient Large-Scale Fleet Management via Multi-Agent Deep Reinforcement Learning", 
doi="10.1145/3219819.3219993", 
journal="KDD", 
author="Lin, K. and Zhao, R. and Xu, Z. and Zhou, J.", 
year="2018"}

@article{Wen.ea:SharedMoDRL, 
title="Rebalancing Shared Mobility-on-Demand Systems: a Reinforcement Learning Approach", 
doi="10.1109/itsc.2017.8317908", 
journal="IEEE ITSC Workshop on Intelligent Public Transport", 
author="Wen, J. and Zhao, J. and Jaillet, P.", 
year="2017"}

@article{Xu.ea:DidiDispatch, 
title="Large-Scale Order Dispatch in On-Demand Ride-Hailing Platforms: A Learning and Planning Approach", 
doi="10.1145/3219819.3219824", 
journal="KDD", 
author="Xu, Z.and Li, Z. and Guan, Q. and Zhang, D. and Li, Q. and Nan, J. and Liu, C. and Bian, W. and Ye, J.", 
year="2018"}

@article{Zhang.ea:Reactive,
  author = {Zhang, R. and Rossi, F. and Pavone, M.},
  title = {Analysis, Control, and Evaluation of Mobility-on-Demand Systems: a Queueing-Theoretical Approach},
  journal = {{IEEE Transactions on Control of Network Systems}},
  year = {2018},
  note = {In Press},
  doi = {10.1109/TCNS.2018.2800403},
  url = {../wp-content/papercite-data/pdf/Zhang.Rossi.Pavone.TCNS18.pdf},
  keywords = {press},
  owner = {frossi2},
  timestamp = {2017-12-30}
}

@article{Gueriau.ea:Decentralized, 
title={SAMoD: Shared Autonomous Mobility-on-Demand using Decentralized Reinforcement Learning}, doi={10.1109/itsc.2018.8569608}, 
journal={ International Conference on Intelligent Transportation Systems (ITSC)}, 
author={Gueriau, M. and Dusparic, I}, 
year={2018}}

@inproceedings{Rahili.ea:Caltech,
author = {Rahili, S and Riviere, B and Oliver, S and Chung, S-J},
year = {2018},
month = {11},
pages = {},
title = {Optimal Routing for Autonomous Taxis using Distributed Reinforcement Learning}
}

